@article{baughman2014,
  author = {Aaron K. Baughman and Wesley Chuang and Kevin R. Dixon and Zachary Benz and Justin Basilico},
  title = {DeepQA Jeopardy! Gamification: A Machine-Learning Perspective},
  journal = {IEEE Transactions on Computational Intelligence and AI in Games},
  volume = {6},
  number = {1},
  year = {2014},
  month = {3},
  pages = {55--66}
},

@article{boyle2012,
  author = {Elizabeth Boyle and Zur Shapira},
  title = {The Liability of Leading: Battline Aspiration and Survival Goals in the Jeopardy! Tournament of Champions},
  journal = {Organization Science},
  volume = {23},
  number = {4},
  year = {2012},
  month = {7},
  pages = {1100--1113}
},

@article{ferrucci2013,
  author = {David Ferrucci and Anthony Levas and Sugato Bagchi and David Gondek and Erik T. Mueller},
  title = {Watson: Beyond Jeopardy!},
  journal = {Artificial Intelligence},
  volume = {199--200},
  year = {2013},
  pages = {93--105}
},

@article{gilbert1994,
  author = {George T. Gilbert and Rhonda L. Hatcher},
  title = {Wagering in Final Jeopardy!},
  journal = {Mathematics Magazine},
  volume = {67},
  number = {4},
  year = {1994},
  month = {10},
  pages = {268--277}
}

@article{jetter2017,
  author = {Michael Jetter and Jay K. Walker},
  title = {Anchoring in financial decision-making: Evidence from Jeopardy!},
  journal = {Journal of Economic Behavior \& Organization},
  volume = {141},
  year = {2017},
  pages = {164--176}
 },
 
@article{jetter2018,
  author = {Michael Jetter and Jay K. Walker},
  title = {The gender of opponents: Explaining gender differences in performance and risk-taking?},
  journal = {European Economic Review},
  volume = {109},
  year = {2018},
  pages = {238--256}
},
 
@techreport{lindquist2006,
  author = {Gabriella Sj{\"o}gren Lindquist and Jenny S{\"a}ve-S{\"o}derbergh},
  title = {Testing the rationality assumption using a design difference in the TV game show Jeopardy},
  series = {Swedish Institute for Social Research},
  year = {2006},
  type = {Working Paper}
},
 
 @article{lindquist2011,
  author = {Gabriella Sj{\"o}gren Lindquist and Jenny S{\"a}ve-S{\"o}derbergh},
  title = {"Girls will be Girls," especially among Boys: Risk-taking in the "Daily Double" on Jeopardy},
  journal = {Economics Letters},
  volume = {112},
  year = {2011},
  pages = {158--160}
},

@article{metrick1995,
  author = {Andrew Metrick},
  title = {A Natural Experiment in "Jeopardy!"},
  journal = {The American Economic Review},
  volume = {85},
  number = {1},
  year = {1995},
  month = {3},
  pages = {240--253}
},

@article{tesauro2013,
  author = {Gerald Tesauro and David C. Gondek and Jonathan Lenchner and James Fan and John M. Prager},
  title = {Analysis of Watson's Strategies for Playing Jeopardy!},
  journal = {Journal of Artificial Intelligence Research},
  volume = {21},
  year = {2013},
  pages = {205--251}
}